2636 4466
157 257 159 270 ³
196 355 204 368 ,
245 280 311 352 204
380 253 384 264 ’
569 253 961 348 111313ον”ονηαιιίιίιι

203 515 205 528 ,
244 456 391 554 perlectis
421 454 522 551 quivis
549 455 683 524 istorum
714 455 838 526 desinet
868 454 1066 552 praedicere,
1096 455 1213 550 quales
1239 472 1275 524 et

245 565 309 658 qua
331 562 382 632 die
405 577 553 632 venturas
568 585 670 630 annus
689 560 854 634 adlaturus
878 561 920 630 sit
941 575 1156 680 temgestates,
1183 584 1271 655 qua-

171 667 269 740 li
293 667 377 736 coeli
398 681 483 738 statu
504 667 584 738 haec
605 666 656 737 vel
684 665 742 736 illa
771 675 927 736 terrarum
954 665 1043 760 regio
1065 682 1152 735 certo
1184 690 1271 760 quo·

244 745 319 842 dam
340 789 484 866 tempore
499 773 540 842 sit
561 773 729 868 gavisura:
767 771 835 842 eius
857 772 944 842 modi
966 771 1052 840 euim
1074 770 1184 840 omnia
1207 796 1271 840 va·

244 902 289 948 na
321 903 393 950 3333
430 889 626 964 commenta,
661 879 749 975 quod
781 879 900 948 dudum
937 876 1123 950 eruditiores
1155 902 1270 972 neque

243 1006 375 1082 prorsus
398 983 555 1054 bebetis
544 983 663 1078 rngeuir
654 983 831 1054 homines
853 981 1082 1102 intellexerunt,
1104 981 1168 1054 sibi
1192 1008 1271 1078 per-

244 1114 372 1160 suasum
394 1089 534 1160 hab'ebit.

330 1196 431 1288 Signa
445 1195 641 1291 tempestatis
653 1221 691 1264 ex
701 1193 885 1292 fulguribus
891 1209 922 1264 et
936 1195 1114 1265 tonitrubus
1129 1191 1270 1262 '-l'beo

242 1300 487 1398 phrastus¹⁸)
511 1299 591 1370 haec
611 1315 771 1370 recenset.
811 1299 972 1372 'fonitrua
999 1299 1133 1370 bibema
1154 1316 1266 1368 matu-

243 1408 311 1476 tino
346 1420 491 1500 tempore
524 1397 627 1498 magis
662 1422 790 1490 ventos,
827 1431 923 1500 quam
951 1380 1072 1476 imbres
1103 1404 1268 1494 nuntiare,

164 1573 181 1597 1,
244 1533 345 1606 aquas
368 1533 443 1578 vero
466 1526 609 1599 aestate,
630 1509 684 1578 ubi
706 1511 885 1581 meridiano
907 1527 938 1581 et
967 1509 1149 1606 vespertino
1178 1525 1265 1579 tem-

181 1615 185 1624 ’
242 1639 321 1711 pore
352 1613 527 1714 audiamur.
573 1615 715 1706 Quando
749 1643 789 1686 ex
820 1615 968 1686 omnibus
1000 1615 1079 1686 caeli
1115 1617 1266 1711 partibus

241 1721 394 1814 fulguret,
428 1718 555 1816 pluviae
577 1736 610 1789 et
633 1721 717 1804 venti
734 1721 866 1814 ¹signum
890 1747 979 1807 esse,
1011 1747 1071 1791 nec
1097 1724 1203 1792 minus
1232 1725 1265 1791 si

242 1833 385 1922 vespere.
432 1823 574 1917 Quando
605 1825 704 1896 flante
724 1843 832 1896 austro
854 1828 939 1898 circa
960 1825 1132 1899 diluculum
1153 1825 1262 1919 fulgu-

219 1939 309 2016 ret,
339 1931 380 2000 ab
403 1945 513 2001 austro
532 1929 671 2002 imbrem
698 1933 889 2026 portendere
915 1932 1057 2026 fulgura,
1087 1932 1217 2028 qnando
1241 1957 1264 2002 a

118 2101 125 2108 .
243 2037 374 2108 favonio
392 2053 446 2105 aut
457 2035 616 2130 aquilone,
628 2036 702 2106 bino
713 2035 852 2108 butinam
864 2063 934 2108 esse
946 2054 1178 2134 tempestatem.
1194 2042 1264 2107 Ae-
1303 2109 1304 2126 1

242 2143 325 2212 stiva
355 2141 483 2235 fulgu'ra
514 2141 572 2208 sub
599 2167 728 2236 vespere
751 2158 806 2210 ant
828 2144 935 2212 statim
959 2161 1013 2215 aut
1042 2145 1149 2215 triduo
1180 2163 1261 2241 post
1303 2159 1304 2205 l

239 2247 359 2318 imbres
382 2246 511 2317 denunt
487 2261 583 2332 trare,
614 2243 786 2336 anlumno,
811 2273 839 2318 s1
828 2248 914 2320 ’.31)
933 2247 1081 2345 aquilone
1111 2251 1303 2343 fulguret,

180 2415 184 2430 ,
214 2351 468 2446 ·euspectandas
492 2375 563 2419 esse
587 2351 732 2452 pluvias¹
740 2356 780 2434 ⁶.)
1302 2349 1303 2448 1

298 2457 445 2526 lridem
468 2471 622 2528 venturae
640 2457 813 2551 pluviae'
786 2483 912 2554 signum
933 2485 1006 2531 esse
1029 2479 1150 2534 veteres
1172 2463 1260 2554 arbi-

240 2561 406 2632 trahantur
445 2579 478 2632 et
515 2563 637 2658 primus
676 2565 818 2634 omnium
850 2565 1121 2662 Homerus¹²),
1177 2569 1259 2637 lude
1301 2575 1302 2676 1

241 2667 438 2740 Tibullus
455 2669 518 2754 ¹⁸)=

288 2773 457 2864 Quamvis
475 2779 690 2863 praetexens
710 2767 814 2866 piceo
837 2777 983 2870 caligine
1006 2767 1142 2850 caelum

329 2878 417 2946 Veni
403 2887 518 2945 turam
540 2878 707 2948 admittat
728 2881 885 2976 imbrffer
907 2907 1013 2954 orcos
1036 2909 1176 2978 aquam.
1265 2895 1270 2903 '

103 2983 107 3000 '
180 3041 185 3052 .
239 2982 540 3070 etOvidins¹⁹):

118 3102 120 3111 '
198 3121 201 3130 ¹
286 3087 446 3178 Concipit
468 3113 570 3158 arcus
594 3093 760 3186 aquos⁸⁰)
784 3133 827 3146 -
849 3085 892 3150 ..'.

238 3385 285 3452 15)
310 3388 352 3437 De
370 3383 443 3456 sign.
461 3382 511 3449 IV,
530 3383 585 3440 21:

135 3461 479 3559 ''mmnu

237 3596 287 3665 17)
308 3594 394 3650 ruas.
414 3597 507 3663 xva,
527 3593 589 3658 stt.

238 3702 288 3774 ts)
310 3703 389 3776 neg.
409 3705 431 3769 1,
451 3699 478 3770 t,
496 3684 541 3761 ln.

96 3782 100 3798 ⁸
165 3812 551 3879 ,179.,)Metum121.

237 3913 399 3986 30103333
418 3837 667 3988 Theopbiast.
687 3919 723 3974 de
740 3923 1031 3995 segn1227p88:
1050 3920 1118 3982 ὅταν
1138 3925 1251 4002 311311-
1296 3889 1298 3956 i

198 4037 201 4044 ·
305 4025 405 4074 νηται,
430 3997 503 4076 ὕδωρ
526 4011 664 4077 (ιη’μαινει·
691 4005 739 4065 e'u'v
766 4029 795 4064 re
813 4009 946 4067 nollul'
931 4033 969 4082 ιρι
959 4009 1016 4070 ades
1033 4017 1197 4086 γίνωνταιυ
1182 4013 1250 4091 ὕδωρ
