2636 4466
622 847 766 962 oue,
798 849 881 938 ιιι
971 834 975 839 ’
1056 784 1063 790 ’

541 999 953 1127 Olimatolo'gia.

685 1222 714 1308 5
747 1217 800 1287 50.

627 1341 694 1411 De
714 1339 858 1442 Zonis.

330 1487 400 1554 Iam
429 1485 471 1554 ad
500 1482 589 1554 illam
618 1483 764 1578 opusculi
789 1498 914 1578 partem
945 1477 1139 1564 accedimns,
1172 1478 1268 1547 cuius

138 1629 140 1637 ·
242 1607 462 1687 argumentum
484 1587 596 1684 procul
626 1590 724 1658 dubio
752 1589 882 1658 maximi
912 1612 981 1656 esse
1008 1584 1162 1685 momenti
1198 1584 1264 1652 eui-

242 1699 289 1767 vis
313 1695 480 1766 videbitur
524 1696 641 1788 Agitur
668 1694 753 1764 enim
776 1695 815 1764 de
840 1693 1040 1789 quaestione,
1067 1707 1176 1760 utrum
1189 1683 1265 1756 soli

240 1805 388 1906 a'e‘risque
410 1801 594 1898 temperies
602 1801 637 1870 in
660 1792 796 1895 singuiis
812 1817 915 1870 terrae
937 1797 1016 1868 loeis
1039 1797 1080 1866 ab
1104 1779 1162 1864 illa
1186 1795 1264 1864 inde

238 1926 352 1994 aetate,
374 1935 411 1978 ex
434 1933 497 2002 qua
519 1907 596 1976 libri
625 1907 736 2004 scripti
759 1909 802 2006 ad
826 1931 885 1978 uos
908 1918 1131 2000 perveneuurt,
1154 1916 1263 1968 muta-

238 2015 342 2082 tiones
375 2011 522 2096 subierit,
558 2037 601 2081 au
628 2039 729 2084 secus
774 1989 823 2082 Ut
851 2011 910 2101 rite
945 2026 977 2078 et
1004 2024 1091 2078 certo
1118 2008 1265 2101 quodam

239 2120 352 2188 ordine
375 2117 634 2237 progrediamur,
665 2118 881 2188 necessarium
903 2115 1030 2212 quidem
1053 2112 1146 2182 uobis
1170 2112 1264 2180 ride-

241 2243 301 2314 tur,
324 2247 427 2320 pauca
449 2222 667 2318 praemium,
692 2223 806 2318 quibus
831 2213 1003 2318 exposituri
1026 2243 1149 2304 sumus,
1181 2219 1263 2312 quid

88 2394 91 2410 .
141 2399 163 2426 ,ι
241 2332 280 2400 de
304 2328 387 2397 aeris
411 2343 443 2395 et
470 2325 545 2412 soli,
568 2327 667 2396 maris
691 2345 723 2396 et
744 2329 879 2398 sontium
901 2327 1065 2420 temperie,
1087 2323 1190 2418 deque
1212 2323 1262 2392 di-

147 2501 149 2508 .
241 2457 335 2506 verso
363 2430 540 2502 diversis
530 2458 563 2501 m
584 2433 670 2504 locis
694 2431 808 2504 caloris
832 2449 864 2504 et
882 2431 1010 2553 frigoris
1037 2429 1139 2522 gradu
1167 2428 1304 2521 cogi

240 2537 377 2614 tareriut
407 2539 547 2616 ueteres.
583 2555 617 2608 at
637 2539 784 2609 nolumus
808 2541 917 2610 statim
939 2538 973 2608 in
994 2538 1087 2608 initio
1114 2551 1259 2604 nostram

240 2646 280 2717 de
308 2642 365 2713 illa
388 2642 571 2736 quaestione
595 2643 783 2714 senteutiam
807 2662 908 2715 tacere
932 2644 1070 2727 idcirco,
1098 2641 1171 2736 quia
1192 2665 1260 2709 uon

239 2773 353 2844 pauca,
375 2746 458 2816 faeta
480 2750 700 2843 responsione,
733 2751 901 2820 disertiora
921 2765 954 2820 et
981 2743 1188 2820 luculentiora
1209 2745 1258 2816 le-

123 2889 136 2912 :
189 2911 195 2916 ,
238 2853 383 2946 gentibus
399 2853 609 2947 apparebunt.
654 2855 856 2926 Arbitramur
870 2855 963 2941 euim,
987 2853 1015 2924 si
1037 2879 1157 2948 paucae
1179 2852 1257 2922 illae

138 3044 140 3049 Ι
158 2999 162 3006 ·
237 2958 431 3053 excipiantur
444 2959 646 3045 mutationes,
670 2987 750 3057 quae
765 2987 786 3030 a
799 2977 919 3032 mutata
933 2961 1077 3031 locorum
1099 2975 1131 3028 et
1151 2959 1254 3056 regio-

237 3089 315 3133 num
338 3062 518 3134 conditione
541 3069 731 3162 repetendae
755 3083 844 3153 sunt,
874 3067 985 3137 eodem
1012 3064 1253 3134 medio-eoloris

175 3187 177 3194 “
239 3170 342 3264 gradu
373 3168 509 3260 gaudere
537 3188 671 3260 terram,
704 3199 767 3270 quo
790 3173 927 3243 Homeri
954 3183 1075 3255 aetate3
1114 3170 1198 3266 quod
1225 3171 1255 3238 si

107 3327 111 3339 ,
141 3289 146 3298 ’
176 3305 178 3309 ·
238 3273 347 3370 paullo
376 3274 584 3346 confidentius
613 3278 701 3376 loqui
720 3271 895 3366 nollemus,
924 3277 1062 3350 victricia
1085 3275 1253 3371 'proditura

237 3404 310 3450 esse
333 3397 462 3450 nostrae
484 3385 659 3456 sententiae
682 3401 867 3479 argumenta
890 3383 1044 3480 persuasi,
1070 3381 1117 3450 ita
1137 3380 1251 3448 fortas·

203 3535 208 3540 -
239 3511 273 3556 se
289 3486 529 3581 exprimendum
545 3513 616 3570 esse
631 3493 825 3576 duceremus,
847 3489 970 3560 nullam
986 3513 1088 3582 neque
1103 3487 1136 3554 in
1158 3486 1250 3570 aeris,

145 3679 150 3688 ,
238 3617 341 3686 neque
374 3594 408 3662 in
442 3589 504 3660 soli
537 3598 688 3690 temperie
722 3597 931 3668 mutationem
964 3585 1104 3662 subiisse
1128 3607 1250 3682 ⁸terram

237 3713 381 3766 nostram
409 3695 464 3770 ab
475 3695 532 3763 illa
552 3699 629 3770 inde
650 3719 766 3789 aetate,
794 3727 884 3798 qua,
900 3716 973 3796 post
999 3701 1161 3793 ingentem
1185 3696 1246 3764 rui-

219 3829 323 3908 Ιιιιιιιι,
351 3803 496 3886 sormam,
526 3827 588 3896 qua
610 3833 693 3878 nune
709 3810 842 3913 gaudet,
866 3821 969 3876 terrae
993 3803 1174 3897 superficies
1194 3825 1244 3871 ac·

238 3909 370 4004 ceperit.
428 3907 510 3993 Sed,
553 3935 594 3980 ne
623 3895 793 4003 grandiore
822 3931 877 3994 ore
906 3907 1049 4005 prolerre
1077 3909 1245 3992 videamur,

238 4038 335 4105 quae
341 4031 426 4084 certo
449 4012 655 4090 fundamento
685 4027 832 4102 careant,
863 4041 943 4088 neve
965 4016 1156 4084 inveteratae
1184 4013 1245 4081 eui-
