2604 4462
391 283 693 426 Jetrudu'ette.
828 301 880 430 ι’
1020 284 1066 412 it

49 512 186 606 tationes
211 507 349 595 subierit,
374 531 416 577 an
431 533 532 595 secus,
556 537 594 581 ex
616 526 755 590 veterum
771 503 961 610 scriptorum
983 516 1076 590 locis.
1103 557 1108 564 ·
1223 507 1228 518 ⁸

49 633 121 710 apte
146 614 379 710 componendis
403 630 436 683 et
458 615 626 708 diligenter
640 619 859 713 perquirendis
874 621 965 690 unice
981 623 1065 693 solvi

49 737 151 816 queat,
176 722 334 816 ingratum
356 744 446 814 opus,
460 719 626 792 inchoasse
649 716 827 818 speramui.
853 751 857 770 ¹
922 775 931 793 ι

117 827 190 898 'De
212 827 344 913 ratione,
368 851 469 923 quam¹
485 829 519 898 ιιι
542 828 737 916 conficiendo
764 827 831 922 boc¹
847 853 942 926 opere
964 833 1064 904 secuti

48 957 171 1017 sumus,
208 932 261 1000 vix
289 932 409 1027 aliquid
436 931 607 1018 habemus,
633 933 734 1029 quod
763 937 971 1006 monendum
992 964 1075 1011 esses

47 1063 243 1109 censeamus.
273 1037 422 1124 Forsitan
445 1037 576 1110 obiiciet
587 1039 681 1110 uobis
697 1039 812 1134 aliquis
825 1045 1063 1137 grammaticus,

11 1203 12 1206 ,
49 1143 192 1239 singulos
209 1143 304 1215 locos
327 1169 388 1214 nos
411 1169 477 1214 nou
500 1130 578 1214 sitis
603 1145 714 1214 diffuse
729 1145 917 1216 interdum
906 1165 1061 1246 interpre-

44 1267 128 1318 tatos
153 1274 236 1335 esse,
263 1275 365 1345 neque
388 1236 548 1318 variantium
570 1248 741 1322 lecuonum
754 1268 933 1347 respectum
946 1254 1062 1348 ubique
1159 1336 1162 1346 Δ
1223 1280 1230 1296 ¹
1286 1315 1293 1341 ,

46 1355 209 1434 habuisse
254 1355 314 1424 Isti
335 1354 586 1475 respondemns‚
615 1381 676 1424 nos
699 1355 791 1434 bae
780 1383 815 1426 ιιι
838 1357 1061 1444 dissertatione
1102 1373 1105 1380 ’

46 1485 244 1556 nequaquam
262 1460 511 1530 commentarios
532 1484 634 1554 neque
655 1461 692 1528 in
704 1461 925 1554 Aristotelicos
947 1463 1060 1550 libros,

46 1591 146 1670 neque
168 1567 203 1634 iu
226 1565 323 1634 alium
345 1590 538 1686 qnemqunun
562 1565 754 1664 scriptorem
776 1566 974 1660 conscribere
1000 1586 1061 1640 ro·
1100 1619 1108 1626 -
1219 1593 1222 1604 ·

46 1668 169 1742 luisse.
197 1667 387 1738 Futurae
360 1695 386 1737 st
399 1671 552 1765 permittit
565 1671 646 1740 vitae
667 1672 928 1788 negotiorumque
950 1673 1060 1742 condi·

46 1777 104 1862 tio,
136 1775 201 1845 nisi
220 1799 248 1844 a
271 1772 421 1847 subsidiis
459 1773 527 1846 lato
555 1775 692 1848 iubente
728 1779 926 1874 sevocamus,
971 1779 1061 1875 ipsos
1150 1771 1152 1792 ¹

45 1831 267 1951 Aristotelicos
304 1882 344 1951 de
375 1881 524 1950 meteoris
565 1880 681 1970 libros,
728 1885 836 1978 amplo
863 1909 926 1980 quo
960 1902 1061 1984 egent
1118 1939 1120 1946 ,
1176 1881 1184 1892 ⁹

8 2065 9 2068 Ἴ
46 1988 269 2056 commentario
291 1988 461 2056 instructos
484 1986 518 2058 in
540 1985 642 2058 lucem
673 1987 789 2074 edendi
810 1975 976 2072 eonsilium
998 1990 1059 2057 ha-
1089 1999 1096 2014 ⁸
1128 2001 1132 2012 ¹
1219 2053 1222 2060 .

47 2092 165 2162 bemus.
210 2091 356 2187 Physicis
379 2109 491 2189 contra
513 2093 650 2162 fortasse
674 2091 869 2188 displicebit,
899 2117 961 2162 nos
992 2120 1060 2182 non
1159 2129 1166 2138 ·

47 2200 119 2268 satis
146 2199 263 2268 diserte
287 2223 395 2294 saepe
404 2185 547 2269 recentes
571 2197 616 2268 de
633 2197 768 2293 siugulis
783 2197 878 2268 'rebus
902 2215 934 2268 et
949 2201 1059 2292 cogni·
1155 2213 1191 2261 ι’

26 2305 144 2425 'tipnes
168 2318 200 2371 et
222 2303 388 2406 opiniones
411 2303 659 2398 promulgasse.-
686 2303 763 2390 Αι,
790 2330 831 2372 ne
859 2293 934 2372 libri
955 2305 1058 2376 molen
1129 2383 1138 2392 ,
1221 2309 1232 2316 ”

45 2410 135 2478 nimis
161 2425 373 2506 excresceret,
397 2434 435 2477 ea
457 2426 580 2479 tautum
605 2358 833 2494 delibavimus,
861 2408 973 2502 quibus
1004 2437 1058 2483 cu-

21 2543 108 2602 ·rere
132 2515 223 2586 nullo
240 2515 340 2584 'modo
363 2531 542 2610 possemus.
587 2511 726 2583 Fieri
696 2540 748 2582 vrx
769 2529 892 2608 potest,
924 2516 1000 2610 quin
1022 2516 1058 2586 ιιι

45 2638 129 2691 tanta
149 2644 263 2690 rerum
285 2618 464 2706 varietate,
502 2614 675 2718 aliqbairdo
713 2639 844 2687 somnus
872 2618 1057 2714 irrepserit3
1100 2707 1104 2712 .
1151 2607 1153 2616 ¹

45 2727 176 2832 quod
149 2753 178 2795 ιι
200 2748 251 2796 me
261 2725 491 2834 dormitantem
515 2723 738 2848 deprehendat
733 2722 861 2808 l,eetor
877 2723 1056 2817 benignita·
1117 2805 1123 2818 ‚

46 2847 113 2917 tem,
149 2833 178 2899 si
198 2813 320 2924 aeqirus
343 2847 409 2915 est,
431 2831 575 2926 precanti
597 2853 664 2898 non
685 2829 863 2922 denegabit.
908 2828 1058 2924 Iniquum

45 2961 105 3004 nou
128 2936 264 3017 curab03
287 2959 388 3004 vanas
414 2936 498 3005 enim
512 2935 653 3006 tundere
676 2958 796 3044 preces,
819 2955 885 3001 nou
907 2933 973 3001 fert
987 2927 1056 3005 aui·
1113 3027 1117 3035 Ι
1153 2970 1157 2978 ·

44 3067 119 3109 mus.
189 3040 248 3108 Me
285 3041 381 3134 igitur
409 3067 597 3136 meumque
608 3031 794 3136 opusculum
822 3036 934 3107 lectori
969 3065 1056 3112 com-

45 3147 173 3231 mendo,
196 3145 299 3241 sitque
324 3170 443 3242 aequus
473 3163 504 3214 et
526 3141 680 3246 benignus
703 3168 817 3241 precor
837 3142 941 3212 iudex
970 3140 1057 3214 Nul-

44 3251 96 3320 lius
118 3253 203 3322 enim
234 3273 332 3346 opera
354 3251 462 3322 adiuto
486 3241 559 3319 ald
549 3274 641 3372 ipsos
662 3250 767 3319 sontes
805 3263 873 3318 erat
893 3249 1056 3320 recurreu-
1088 3269 1089 3276 ’
1132 3321 1143 3336 „
1225 3295 1228 3302 ι

46 3358 129 3443 dum,
161 3357 217 3450 qui
246 3357 392 3452 quantis
408 3357 553 3426 sordibus
578 3357 642 3426 siut
671 3353 834 3454 repleti,
830 3379 934 3476 quam
948 3375 1082 3424 rarum·

7 3503 10 3512 ·
45 3463 182 3532 emittant
203 3461 376 3556 liquorem,
393 3487 487 3532 nemo
510 3477 559 3532 est
580 3461 692 3531 harum
714 3469 820 3530 rorum
842 3459 982 3573 peritior,
1005 3459 1057 3530 cui

46 3568 81 3635 sit
100 3571 264 3662 ignotum.
302 3565 439 3664 Neque
442 3593 521 3663 opus
545 3567 588 3637 ad
610 3567 705 3636 linem
719 3563 921 3662 perducere
914 3592 972 3635 nec
993 3589 1055 3660 po
1069 3581 1071 3584 ’

45 3672 92 3755 tui,
113 3701 173 3743 nec
195 3672 300 3754 volui;
322 3684 451 3744 monere
462 3689 596 3757 tantum,
621 3672 698 3767 quud
710 3671 867 3765 agendum
890 3686 921 3741 et
944 3695 1034 3765 qua
1020 3669 1057 3737 id
1115 3707 1138 3766 ⁴.

44 3779 157 3850 ratione
189 3783 232 3849 sit
260 3779 496 3872 perficiendum.
556 3773 672 3872 Neque
701 3775 801 3864 multa
831 3775 944 3860 adbuc,
969 3773 1056 3872 quod

45 3883 78 3950 ad
45 3881 307 3954 trecentioreni
322 3882 567 3974 meteorologiae
589 3899 705 3952 statum
727 3882 864 3968 attinet,
886 3882 949 3950 tale
973 3901 1057 3976 opus
1086 3917 1090 3925 ·

46 3990 214 4062 conficienti
238 3989 381 4059 subsidia
403 4005 544 4072 exstant;
565 3987 662 4082 igitur
682 3986 735 4058 hie
758 4011 885 4084 quoque
908 3985 966 4054 ad
980 3981 1055 4052 lon-

46 4105 85 4160 tes
107 4111 175 4166 erat
197 4094 435 4180 recurrendum,
458 4094 543 4192 quod
564 4093 669 4167 lacere
697 4089 796 4161 malui
803 4145 814 4178 ,
845 4113 942 4185 quam
973 4087 1060 4162 alio-
1095 4141 1101 4153 .
1154 4141 1161 4150 -

248 4207 256 4238 t

272 4313 324 4341 ’ἰ
421 4309 433 4343 b
