2630 4458
261 289 304 358 62
433 271 442 292 ¹
554 273 979 350 Ventorumtlteorr'a
1055 250 1057 260 ¹

260 448 503 554 ream'quide'm
517 445 697 562 trigidum,
712 441 744 526 el
766 453 929 526 humidum
952 455 1092 550 spirare,
1124 455 1201 550 quia
1232 457 1279 525 ab

166 633 170 646 ,
260 570 327 638 eius
348 566 436 638 modi
458 563 537 634 locis
560 556 680 632 ferhmr
702 578 734 630 et
755 561 810 630 ad
819 559 890 632 loca
918 577 1074 654 permeet,
1101 577 1183 657 qnae
1214 561 1279 631 Sol

191 699 197 712 ¹
246 699 327 746 ¹non
354 671 521 790 pervadat,
551 691 653 761 neque
682 675 755 736 aere
787 666 952 736 exsiccato
961 664 1127 736 humorem
1156 665 1281 754 ebibat.

266 779 345 848 lude
367 773 518 870 'proximis
551 773 678 866 quidem
699 771 754 844 illi
769 768 901 868 regioni,
925 772 1007 842 unde
1029 772 1136 868 spiret,
1158 759 1307 842 incolis

262 880 503 976 frigidissimum
530 902 637 966 esse,
642 871 770 946 minime
801 901 878 946 vero
915 877 1147 948 remotissimis.
1208 867 1307 946 Au·l

261 1006 361 1057 strom
376 1007 500 1078 quoque
515 1006 535 1052 a
557 979 636 1052 locis
651 997 764 1052 neutra
779 983 944 1082 Aquiloni
959 981 1114 1055 similibus
1139 983 1307 1079 spirare
1306 1029 1307 1102 q

262 1093 347 1164 Cum
368 1091 452 1160 euim
460 1087 514 1156 ah
538 1088 671 1157 australi
693 1113 751 1158 are
766 1088 821 1158 llet
841 1106 873 1158 et
895 1113 916 1158 a
937 1089 1009 1157 nive
1031 1087 1141 1176 molta,
1163 1088 1307 1182 glacie,

260 1167 429 1290 validoque
452 1191 524 1286 gelu
541 1193 694 1312 prodeat,
715 1169 779 1262 illis
804 1195 949 1288 quidem,
982 1193 1036 1286 qni
1058 1217 1159 1288 prope
1182 1189 1307 1262 hahi-

261 1318 345 1387 tent,
374 1302 472 1370 talem
500 1296 621 1390 spirare
650 1299 826 1404 contendit,
864 1299 991 1394 qualem
1021 1299 1115 1370 nobis
1143 1299 1283 1368 boream

186 1406 205 1484 s
260 1407 338 1476 flare
361 1427 491 1474 necesse
515 1399 567 1471 sit.
613 1377 753 1492 Quaridb
777 1429 852 1474 vero
874 1430 959 1525 per·
958 1403 1066 1476 s'olis
1060 1428 1217 1476 accessus
1246 1405 1282 1474 in

148 1548 156 1572 ι
222 1577 225 1586 ,
262 1503 428 1583 meridiem
435 1507 573 1607 spiret,
604 1494 756 1578 exhausta
779 1533 799 1576 a
821 1483 940 1580 sole
913 1535 979 1580 erus
1002 1509 1203 1594 humiditate,
1231 1533 1284 1578 re·

236 1665 238 1673 ι
261 1619 409 1688 siccatum
428 1637 600 1697 rarescere,
626 1611 761 1708 ideoque
784 1614 905 1684 calidus
929 1631 960 1684 et
983 1615 1083 1686 siccus
1096 1614 1150 1682 ad
1172 1615 1281 1684 Grae·

152 1765 155 1774 ι
263 1723 354 1792 ciam¹
368 1711 541 1816 perveniat,
564 1741 694 1796 necesse
711 1743 798 1816 esse,
821 1720 1016 1815 proindeque
1039 1719 1150 1810 vicinis
1173 1723 1281 1815 regio·
1306 1803 1307 1810 q

262 1827 355 1894 nibus
388 1824 523 1893 eandem
552 1822 618 1894 vim
649 1823 785 1894 calidam
815 1841 847 1894 et
876 1825 992 1896 siccam
1020 1851 1059 1894 ex
1080 1827 1282 1914 ⁴necessitate

261 1931 436 2026 impertire3
470 1917 515 2000 id‘
535 1930 622 2024 quod
650 1919 701 2000 ιιιΙ
715 1929 818 2026 Libya
839 1928 953 2017 faciat,
980 1955 1130 2014 cumea,
1154 1955 1280 2026 quae-e

261 2053 347 2110 terra
368 2049 548 2118 nascautur,
575 2027 706 2114 humore
728 2035 838 2104 nativo
858 2037 962 2130 privet
983 2053 1015 2105 et
1036 2035 1182 2106 homines
1207 2063 1279 2108 sen·

185 2153 189 2161 ⁴
261 2141 322 2214 sim
343 2139 537 2235 sensimque
533 2139 712 2209 exsiccet.
732 2135 820 2211 Nun
846 2168 918 2210 eum
940 2167 1041 2236 neque
1063 2167 1082 2208 e
1104 2141 1195 2226 mari,
1222 2167 1277 2210 ne-

207 2291 210 2299 ι
263 2272 324 2340 que
348 2241 485 2312 alluvio
509 2244 648 2337 quodam
670 2246 790 2313 maiore
813 2245 977 2314 humorem
999 2246 1140 2341 accipere
1161 2246 1279 2340 possit,

263 2373 414 2442 exsugere
431 2373 503 2416 eum
526 2345 619 2440 quasi
641 2346 860 2419 humiditatem
882 2377 920 2420 ex
943 2351 1154 2432 animantibus
1185 2353 1279 2447 plan·
1306 2363 1307 2376 ¹

261 2457 375 2564 lisque.
421 2451 489 2538 Ubi
519 2477 594 2520 vero
619 2477 706 2522 mare
728 2456 902 2540 transierit,
934 2483 1004 2534 cum
1032 2457 1151 2528 calidus
1182 2457 1279 2526 mini·

219 2553 227 2567 ’
261 2586 374 2655 meque
398 2560 514 2630 densus
525 2557 658 2644 existat,
682 2555 780 2630 molta
802 2587 874 2631 eum
896 2560 1081 2632 humiditate
1104 2563 1280 2656 regionem,

99 2735 101 2742 ,
156 2734 157 2737 ,
262 2668 423 2760 adquam
446 2661 565 2748 tendat,
588 2663 730 2758 implere,
742 2667 888 2788 'ideoque
912 2683 1017 2747 auster
1038 2665 1168 2738 calidus
1185 2668 1228 2736 sit
1251 2685 1283 2737 et

261 2771 410 2840 humidus
440 2792 570 2836 neeesse
600 2793 688 2872 esse,
717 2772 779 2840 uisi
802 2773 986 2866 regionum
1000 2773 1080 2848 situs
1100 2754 1280 2868 prohibeat

261 2876 357 2959 (ὅκου
384 2871 434 2974 μή
458 2876 528 2948 redo
554 2867 693 2976 proptor
720 2883 763 2948 αἱ
785 2879 902 2956 derret
932 2877 1046 2950 αἴτιαι
1065 2874 1172 2961 stow)
1227 2880 1280 2949 Ad
1306 2921 1307 2924 ι

260 2981 395 3053 eundem
417 3005 492 3058 vero
515 2984 647 3061 modum
670 2983 764 3053 etiam
777 2977 1011 3078 reliquorum
990 3000 1156 3055 ventorum
1179 2983 1278 3056 faurl-

207 3115 209 3120 ·
261 3103 342 3158 tates
365 3111 400 3154 se
422 3084 549 3155 hahere.
593 3087 721 3159 Deinde
744 3087 883 3159 allirmat
906 3105 1035 3174 ventos,
1067 3091 1120 3185 qui
1143 3116 1182 3160 ex
1209 3117 1278 3160 ma·

260 3193 305 3261 ris
342 3189 523 3283 regionibus
561 3193 750 3280 obveniant,
800 3193 946 3264 sicciores
983 3194 1117 3266 existere
1161 3196 1278 3267 solere

137 3377 144 3392 l
261 3292 385 3365 Nostra
413 3313 522 3368 aetate
549 3297 616 3368 sere
650 3298 839 3369 contrariam
874 3301 1065 3369 sententiam
1089 3325 1277 3396 proponere

154 3393 189 3446 '¹
237 3400 419 3474 solemus:
457 3419 540 3472 recte
572 3427 647 3472 vero
687 3430 721 3474 se
757 3404 876 3474 hahent
920 3405 1186 3500 Hippocraten.
1199 3403 1279 3476 Nou

259 3507 344 3576 enim
366 3507 405 3576 de
427 3508 599 3602 vaporibus
625 3533 732 3578 sermo
756 3526 821 3596 est,
841 3533 922 3606 quos
945 3502 1091 3594 sensibus
1113 3511 1277 3608 percipere

61 3661 63 3672 .
153 3619 156 3637 ⁴
259 3633 325 3680 uon
353 3635 542 3706 possumus,
574 3615 632 3682 sed
652 3607 799 3708 deaque
820 3613 886 3684 iam
913 3613 947 3683 in
974 3615 1130 3737 liquidum
1159 3633 1277 3686 statum

227 3735 231 3740 ·
259 3715 422 3786 redeunte.
465 3715 636 3812 Vaporum
671 3735 776 3790 antem
806 3722 982 3814 quantitas,
1007 3722 1068 3792 etsi
1094 3723 1199 3793 maior
1229 3739 1276 3792 est

260 3807 455 3912 spirantibus
479 3824 582 3894 ventis
605 3825 783 3916 marinis,
785 3823 893 3898 lamen
914 3827 1100 3923 perfectiore
1121 3829 1254 3898 modo
1244 3855 1275 3898 ιιι

159 3943 160 3950 “
258 3931 331 3995 altre
360 3926 455 3996 soluti
483 3951 554 3998 esse
583 3946 696 4026 atque
709 3933 812 4001 minus
837 3935 986 4004 sensibus
1018 3933 1138 4028 percipi
1173 3957 1289 4028 posse.

259 4013 372 4117 solent,
396 4032 493 4127 quani
516 4035 586 4106 aliis
603 4037 705 4164 ventis
728 4039 888 4112 flantibus
917 4039 1004 4111 Eos
1020 4055 1125 4111 autem
1147 4056 1271 4124 ventos,
