2624 4462
235 281 389 392 'opud
408 279 577 376 oe'teres
600 308 895 412 nominibus.
1025 317 1067 382 69

35 497 91 563 ιο,
108 482 177 550 cui
208 480 334 552 locus
322 500 406 554 mter
428 481 551 556 Notum
574 501 605 556 et
626 485 784 571 Africum,
812 465 937 562 nullum
960 443 1068 593 adhuc

31 609 161 656 nomen
191 587 373 680 adsignavit
403 589 602 674 Aristoteles.
646 589 777 662 Posteri
812 593 929 662 deinde
956 619 1061 676 voca·
1157 669 1162 678 ,

29 709 111 761 runt
135 691 401 785 Λιβόνοιον’”)
446 692 693 791 Nequaquam'
682 723 716 766 ιιι
739 696 846 766 ιιιίιιιο
870 714 927 782 est,
951 701 1059 768 omnia

30 798 207 890 colligere,
242 824 324 895 quae
342 800 583 878 deventurum
611 798 793 884 nominihus
830 805 1058 899 proposuerint

28 920 173 989 veteres,
196 931 267 973 cum
291 929 431 999 operam,
456 933 574 1002 quam
574 907 608 977 in
623 906 829 978 conciliandis
852 928 962 978 eorum
984 936 1054 980 ver·

26 1008 78 1078 bis
122 1007 361 1098 collocaverim,
398 1013 555 1108 perditam
591 1035 663 1082 esse
698 1013 819 1110 ducam.
861 1013 1055 1110 Congessit

26 1114 190 1210 plurimos
228 1115 320 1186 locos
357 1131 440 1199 (non
479 1133 585 1186 tamen
622 1131 750 1198 omnes)
788 1119 1052 1222 Kappius²⁴lz

28 1221 320 1306 Strabonis²⁵),
345 1223 409 1324 qui
422 1240 494 1294 octo
516 1239 629 1293 ventos
660 1224 879 1296 Aristotelicos
912 1225 1051 1295 Timo·
1127 1219 1130 1230 ’

27 1325 220 1414 ethonis²⁶
223 1329 437 1406 )auctoritate
453 1345 604 1414 recenset,
620 1309 855 1416 Vitruvii²⁷),
867 1329 1049 1414 Plinii²⁸),

25 1435 64 1501 de
92 1458 160 1526 quo
169 1429 290 1554 ΡιιιΠο
312 1449 388 1554 post
410 1421 611 1518 disseremus,
634 1437 809 1504 Senecae
824 1437 882 1521 ²⁹),
906 1436 1048 1528 Ampe-

22 1539 76 1612 lii
93 1544 151 1626 ³⁰),
169 1541 223 1668 qui
236 1525 345 1614 omnia
360 1563 418 1610 suo
434 1564 521 1610 more
537 1537 690 1626 confudit,
715 1524 846 1609 Gellii
860 1545 915 1625 ³¹),
940 1544 1047 1634 Apu-

24 1727 243 1747 -...-...,..,.

49 1907 52 1912 ,
94 1831 182 1902 cuiue
210 1840 297 1900 etiarn
327 1843 424 1901 verbis
453 1821 523 1902 risus
554 1845 640 1916 sum)
677 1859 784 1922 nomen
817 1861 904 1907 nuum
938 1843 1048 1914 accepit
1127 1887 1129 1897 .

96 1931 186 2000 inde,
203 1929 285 2007 ·quia
313 1932 402 2003 spirat
430 1923 623 1998 dilucescente
652 1928 711 1984 iam
740 1930 796 1986 die.
846 1929 1067 1986 Vitruvius

95 2021 200 2092 (1,6):
228 2025 404 2086 „Praeterea
423 2018 517 2088 (sunt)
536 2036 625 2072 aurae
636 2020 802 2086 matutinae,
823 2035 895 2091 qnos
906 2016 958 2084 sol,
978 2033 1044 2072 cum

97 2109 216 2179 emergit
242 2105 277 2161 de
295 2105 481 2162 subterraneo
498 2117 597 2179 purte,
619 2105 761 2162 versando
781 2105 879 2178 pulsat
896 2106 971 2158 cse'rr's
989 2104 1046 2162 hu-

95 2213 213 2262 morem,
232 2203 259 2248 et
276 2196 381 2266 impetu
398 2194 565 2250 scandendo
586 2197 718 2267 exprimit
736 2211 875 2248 aurorum
892 2193 1045 2248 Anteius
1129 2231 1131 2234 -

93 2301 186 2339 cano
210 2285 311 2355 spiritu
335 2285 440 2354 flotus,
466 2286 514 2356 qui
538 2299 604 2338 cum
627 2292 728 2338 exerto
751 2281 809 2337 sole
825 2273 1061 2356 prouenerint„

94 2373 278 2452 Eurinrenti
296 2381 389 2426 tenent
406 2371 535 2444 portes.“
902 2365 903 2369 ¹
975 2357 979 2364 ¹

24 2475 73 2550 23)
99 2479 265 2533 Paullulum
285 2475 496 2554 differtleuctor
512 2477 580 2533 libri
599 2477 634 2535 de
654 2477 772 2534 mundo.
792 2494 817 2533 o.
831 2476 858 2535 d·
877 2472 988 2550 p-39d3
1012 2473 1042 2540 b,
1139 2485 1142 2492 '
1228 2445 1232 2452 .

95 2585 185 2642 quem
200 2565 332 2622 conseras
350 2581 417 2620 oum
435 2563 594 2621 Stobaeo
612 2568 710 2640 Eulog.
718 2567 801 2638 plays.
812 2568 834 2619 1.
855 2565 955 2638 12:669.
975 2579 1040 2636 sqq·
1136 2559 1142 2566 ’

22 2669 70 2743 el)
94 2672 144 2728 Ad
161 2671 405 2729 Aristotelem
431 2669 466 2728 de
489 2672 607 2744 mundo.
631 2649 751 2730 Excurs.
766 2675 815 2726 lll.
838 2669 908 2726 inde
931 2686 948 2724 a
974 2685 1038 2742 pag.

92 2762 156 2821 363.
176 2766 239 2835 ¹sqq.
268 2838 282 2852 .
350 2803 357 2820 .

23 2872 70 2939 25)
99 2870 231 2940 Gcogr.l'.
251 2867 335 2940 pon.
353 2884 416 2942 sqq.

22 2977 68 3046 26)
94 2959 370 3044 Timosthenes,
400 2982 537 3046 regnante
564 2977 729 3030 Ptolemaeo
754 2967 959 3048 Philadelpho,
986 2983 1038 3022 ou-

91 3064 139 3120 ius
158 3059 296 3144 classibus
310 3072 370 3117 erat
383 3061 549 3134 praelectus,
563 3060 676 3133 scripsit
694 3077 767 3133 opus
779 3055 878 3112 decem
889 3041 1038 3121 libiorum,

90 3137 265 3222 inscriptum
284 3146 399 3218 λιμένες.
417 3148 467 3204 cfr.
488 3148 618 3203 Strabo
638 3152 688 3203 IX.
709 3167 737 3222 p.
753 3141 815 3204 riis
852 3144 968 3200 Titulus
987 3136 1038 3198 ille
1094 3229 1101 3234 -
1162 3181 1165 3186 ,

91 3239 126 3296 in
143 3234 337 3308 complurium
357 3247 486 3292 velerum
504 3235 652 3304 librorum,
672 3231 856 3312 geographici
867 3230 1036 3306 argumenti,

89 3325 185 3391 fronte
199 3322 406 3396 reperiebatur.
422 3385 426 3392 ¹

24 3437 79 3503 tl).
90 3439 136 3488 De
152 3432 335 3491 architector.
347 3433 368 3499 1,
389 3433 416 3488 6.

24 3541 69 3610 28)
86 3508 196 3594 Hister.
216 3547 311 3593 natur.
324 3539 359 3606 ll,
379 3535 424 3597 36.
502 3575 505 3584 ,

15 3629 206 3719 Ι29)(ὶιιιιιιι.
225 3655 319 3721 notar.
329 3647 366 3712 V,
387 3645 494 3708 16-17.
514 3644 648 3703 Conferre
666 3643 752 3698 etiam
771 3637 949 3696 Senecam
964 3644 1036 3698 Tre
1111 3659 1116 3670 ·

89 3733 145 3808 gic
163 3715 373 3805 Agamemnon.
392 3729 662 3828 v.t169.a1q3apud
674 3747 760 3804 quem
777 3723 1056 3786 ectorentosiron-¹

91 3823 208 3905 iunctos
227 3819 361 3893 reperies.

25 3930 71 4000 30)
25 3927 171 3986 socier.
190 3927 351 3982 ιιιιιιιονίαἱ
370 3943 394 3982 o.
407 3909 433 3987 3.

26 4037 72 4099 ιι)
91 4021 292 4092 Νοιιι..Αιιιί.
300 4035 335 4104 11,
353 4040 398 4092 ιι.
