2636 4466
273 321 339 392 alo
433 270 435 278 =
588 289 699 384 ⁴*De
722 283 935 386 climatum

274 497 345 594 gelu
367 497 490 592 lapides
514 510 582 563 esse
597 494 826 588 disruptos⁹⁰).
872 493 957 563 Cum
979 459 1200 586 Straliouis
1223 495 1283 581 illo,

226 643 229 656 ·
274 631 367 702 quern
390 601 599 688 laudavimus,
629 599 698 670 loco
722 599 803 674 alter
825 599 963 669 eiusdem
987 600 1153 696 scriptoris
1180 605 1283 672 conle-

139 697 141 704 ’
198 751 200 761 ,
272 707 387 778 iendos
410 707 528 792 'est⁹¹),
554 705 608 774 uhi
631 705 740 773 eadem
762 729 814 773 res
839 703 985 774 disertius
1008 708 1191 801 exponitur.
1239 709 1283 778 Ait

272 817 355 888 enim
384 809 552 884 Nomadas
582 809 717 905 Scythas
744 808 884 879 hieme
872 837 907 878 ιιι
935 809 1103 905 paludibus
1127 814 1283 883 lllaeotidi

271 917 468 1020 propinquis,
500 931 619 986 aestate
642 915 675 983 in
697 911 818 1009 campis
850 916 1009 998 lrahitare3
1046 933 1145 986 totam
1182 935 1283 990 autem

272 1053 389 1148 quam·
390 1025 534 1094 habitent
555 1023 716 1114 regionem
739 1045 809 1096 esse
833 1018 974 1114 algidam
996 1047 1091 1116 usque
1115 1025 1161 1091 ad
1192 1026 1282 1092 mari·

269 1134 348 1202 tima
363 1126 452 1210 inter
467 1118 710 1222 Borysthenem
733 1141 765 1194 et
786 1124 869 1194 ostia
891 1127 1066 1196 Maeotidis
1089 1126 1173 1196 loca.
1208 1131 1283 1202 .·De

270 1237 344 1306 inde
367 1251 530 1330 tamquam
550 1231 686 1301 illustria
700 1227 827 1324 frigoris
844 1231 1178 1328 argumentaprofert,
1193 1236 1284 1354 ’quod

272 1340 381 1410 asinos
405 1365 470 1412 non
485 1338 591 1422 alant,
614 1334 713 1406 hoves
737 1337 896 1422 cornibus
909 1339 1101 1434 careant⁰²),
1126 1340 1204 1433 equi
1227 1341 1285 1408 siut

155 1512 158 1520 ,
271 1443 380 1542 parvi,
410 1467 486 1512 oves
507 1467 657 1540 magnae,
682 1443 759 1537 quin
782 1459 814 1511 et
840 1467 951 1512 aereae
969 1441 1102 1540 hydriae
1131 1449 1284 1539 rumpan-

257 1567 334 1636 tur,
360 1546 611 1640 congelantibus
645 1573 725 1642 quae
751 1547 837 1620 intus
871 1547 1098 1617 contineantur.
1125 1547 1283 1620 Traiec·
1305 1557 1306 1630 l

268 1672 335 1724 tum
349 1652 649 1772 Phanogaraeam
637 1669 722 1723 mter
737 1645 769 1722 et
782 1653 1032 1747 Panticapaeum
1054 1651 1202 1752 plaustra
1222 1655 1306 1726 ser-

268 1785 315 1846 re,
337 1775 372 1828 ut
394 1773 426 1826 et
448 1757 500 1826 via
522 1758 596 1826 trita
619 1771 651 1826 et
673 1761 864 1840 coenum⁹³)
886 1759 929 1828 ibi
945 1758 995 1826 sit.
1040 1757 1168 1828 Deinde
1193 1786 1284 1855 repe·

118 1942 120 1953 Ι
209 1913 211 1917 -
269 1865 322 1950 tit,
356 1861 623 1932 narratiunculam
643 1887 744 1957 supra
771 1849 1049 1939 commemoratam
1078 1863 1116 1932 de
1148 1865 1283 1957 proeliis

267 1969 403 2063 equestri
433 1984 466 2036 et
487 1967 625 2038 navali.-
631 1968 773 2040 Contra
795 1962 826 2038 et
850 1985 966 2038 aestus
979 1969 1125 2062 ingentes
1135 1970 1195 2038 ihi
1218 1972 1287 2039 lieri

267 2075 373 2160 addit,
409 2074 475 2142 sive
510 2072 585 2170 quia
618 2072 785 2142 mediocris
815 2091 921 2144 aestus
951 2074 1135 2200 corporibus
1163 2075 1288 2169 frigora

206 2249 210 2256 ,
266 2178 440 2276 perferre
441 2175 541 2248 solitis
572 2177 760 2252 immodicus
792 2179 979 2284 videaturs
985 2180 1050 2249 sive
1079 2205 1114 2249 re
1141 2205 1222 2250 vera
1254 2183 1288 2250 id

229 2295 233 2305 “
266 2286 344 2368 lieri,
367 2311 438 2377 epm
460 2283 594 2376 campi
592 2281 694 2352 ventis
717 2301 862 2370 careant,
891 2287 956 2356 sive
979 2288 1054 2388 qnia
1076 2307 1204 2355 crassus
1228 2279 1305 2378 aer]

265 2406 356 2458 tanto
386 2389 488 2481 magis
517 2387 697 2456 incalescat.
741 2389 852 2485 ltaque
874 2392 969 2461 etiam
990 2393 1071 2462 vites
1093 2391 1151 2460 ihi
1161 2416 1286 2486 prove·

266 2497 344 2579 nire,
372 2510 405 2564 at
435 2493 538 2562 hieme
561 2516 615 2562 eas
639 2493 699 2562 sub
721 2509 837 2564 terram
860 2495 985 2582 defodi,
1010 2523 1051 2566 ne
1073 2495 1194 2592 frigore
1217 2499 1286 2569 lae-

265 2599 389 2684 dantur,
411 2597 507 2694 idque
531 2599 626 2668 etiam
646 2591 759 2667 nostra
780 2617 883 2670 aetate
898 2603 942 2670 iu
946 2595 1114 2694 Hungaria
1136 2604 1206 2673 fieri
1230 2631 1286 2674 so

264 2694 352 2772 lere
351 2720 459 2773 notum
483 2719 541 2773 est.
588 2704 712 2772 Alter
703 2705 798 2797 igitur
819 2703 880 2774 hic
892 2723 941 2775 est
962 2708 1065 2792 locus,
1094 2708 1180 2776 unde
1204 2736 1284 2779 con-

230 2849 232 2856 ·
264 2810 386 2898 eludas,
411 2807 548 2878 medium
570 2809 710 2888 calorem
725 2835 863 2890 annuum
879 2829 1025 2884 nontam
1040 2812 1188 2906 exiguum
1205 2816 1286 2885 olim
1304 2845 1305 2904 ῃ

83 3119 90 3136 ’
200 3123 201 3126 ’
261 3119 310 3187 90)
335 3117 466 3174 Crantz
484 3119 591 3172 Hester
614 3121 757 3176 Groenlnl
778 3137 807 3192 p.
824 3117 870 3178 la.
894 3117 1081 3191 Sooresby
1097 3127 1234 3178 Account
1254 3125 1292 3196 of

330 3205 376 3261 tlte
394 3208 470 3264 artic
488 3208 599 3277 regions
616 3209 677 3263 and
693 3207 741 3265 the
757 3208 891 3264 northern
910 3209 1026 3266 Whole-
1011 3210 1150 3284 -Ftsleery
1167 3213 1256 3268 Toni.
1264 3214 1286 3265 1.

331 3299 442 3366 naar
453 3299 516 3352 aar.

257 3397 526 3473 91)v11.p.307
593 3407 597 3410 ·
633 3417 635 3430 ·

86 3473 89 3486 ¹
153 3550 158 3558 .
247 3503 307 3572 ¹92)
332 3505 708 3578 Glr.Herodot.1V,29.

258 3611 575 3700 93),1teperiture'nim
595 3616 627 3672 in
647 3616 774 3677 editione
793 3617 1003 3676 casauboni
1019 3618 1115 3689 uulda.
1153 3623 1196 3676 At
1214 3615 1304 3676 cor-'

234 3761 239 3773 ὁ
328 3699 404 3755 rexit
422 3701 537 3774 Goray
561 3705 598 3784 ad
617 3709 788 3778 Hippocrat.
809 3707 844 3763 de
862 3702 944 3777 altre,
963 3711 1046 3780 aquis
1069 3719 1096 3762 et
1119 3710 1174 3764 loc·
1195 3713 1282 3782 §.95

211 3783 234 3810 ”
327 3789 410 3842 Tom.
429 3791 463 3844 11.
483 3807 511 3862 p.
530 3799 599 3856 290:
617 3791 709 3862 πλοῦν,
735 3796 814 3870 quod
833 3812 892 3849 non
904 3795 1102 3868 recipiendum
1114 3791 1176 3852 esse
1189 3797 1283 3862 duco,

206 3899 226 3932 ι,
288 3896 292 3906 ’
325 3883 387 3930 tum
413 3876 482 3952 quia
496 3875 588 3934 'facile
610 3879 670 3934 fieri
690 3890 813 3952 poterat,
838 3877 875 3938 ιιι
893 3879 1075 3940 Herodoti
1100 3883 1193 3941 verba
1213 3887 1282 3954 (IV,

324 3963 384 4031 28)'
408 3981 493 4036 supra
517 3965 633 4021 laudata
652 3968 834 4024 straboni
856 3969 1088 4039 obversarentur,
1113 3979 1179 4028 tum
1207 3974 1304 4048 quia.

323 4051 409 4106 etiam
428 4051 517 4108 totins
535 4053 593 4108 loci
613 4069 705 4114 nexus
724 4055 810 4127 πηλόν
828 4055 980 4134 efflagitare
997 4059 1139 4116 videatur.
